@misc{comp-steer, note = {Computational Steering: 
                  \url{https://en.wikipedia.org/wiki/Computational_steering}}}


@misc{kasson1, note = {(i) Singhal, N., \& Pande, V. S. (2005). Error analysis
                  and efficient sampling in Markovian state models for molecular
                  dynamics. The Journal of chemical physics, 123(20), 204909;
                  (ii) Pronk, S., Larsson, P., Pouya, I., Bowman, G. R., Haque,
                  I. S., Beauchamp, K., ... \& Lindahl, E. (2011,
                  November). Copernicus: A new paradigm for parallel adaptive
                  molecular dynamics. In Proceedings of 2011 International
                  Conference for High Performance Computing, Networking, Storage
                  and Analysis (p. 60). ACM; (iii)Noé, F., Schütte, C.,
                  Vanden-Eijnden, E., Reich, L., \& Weikl,
                  T. R. (2009). Constructing the equilibrium ensemble of folding
                  pathways from short off-equilibrium simulations. Proceedings
                  of the National Academy of Sciences, 106(45), 19011-19016.}}


@misc{kasson2, note = {(i) Bowers, K. J., Dror, R. O., \& Shaw,
                  D. E. (2006). The midpoint method for parallelization of
                  particle simulations. The Journal of chemical physics,
                  124(18), 184109., (ii) Shaw, D. E., Deneroff, M. M., Dror,
                  R. O., Kuskin, J. S., Larson, R. H., Salmon, J. K., ... \&
                  Wang, S. C. (2008). Anton, a special-purpose machine for
                  molecular dynamics simulation. Communications of the ACM,
                  51(7), 91-97., and (iii) Elsen, E., Houston, M., Vishal, V.,
                  Darve, E., Hanrahan, P., \& Pande, V. (2006, November). N-Body
                  simulation on GPUs. In Proceedings of the 2006 ACM/IEEE
                  conference on Supercomputing (p. 188). ACM., and (iv) Zhao,
                  G., Perilla, J. R., Yufenyuy, E. L., Meng, X., Chen, B., Ning,
                  J., ... \& Zhang, P. (2013). Mature HIV-1 capsid structure by
                  cryo-electron microscopy and all-atom molecular
                  dynamics. Nature, 497(7451), 643-646.}}

@misc{jha1, note = {Several recent NSF/DOE workshops have examined the
                  cross-section of computational requirements of experimental
                  facilities: (i) http://streamingsystems.org (ii)
                  http://extremescaleresearch.labworks.org/events/data-management-visualization-and-analysis-experimental-and-observational-data-eod-workshop
                  (iii) http://s2i2.caltech.edu/main/, and (iv)
                  http://idies.jhu.edu/symposium/cyberinfrastructure-ci-for-nsf-large-facilities-workshop/}}

@misc{cecilia1, note = {(i) J. Preto, C. Clementi (2014). Fast recovery of free
                  energy landscapes via diffusion-map-directed molecular
                  dynamics. Physical Chemistry Chemical Physics, 16, 19181
                  (2014), (ii) C. A Laughton, M. Orozco and W. Vranken
                  (2008). COCO: A simple tool to enrich the representation of
                  conformational variability in NMR structures. Proteins 2009;
                  75:206–216.}}

